%%%% Traditional LaTeX (BibTeX) format when using the /autocite function %%%%%% 
%%%% Only refs from the first page and abstract are included    %%%%%%

@book{peterson1981city,
  title={City limits},
  author={Peterson, Paul E and others},
  year={1981},
  publisher={University of Chicago Press}
}
@article{dear1992understanding,
  title={Understanding and overcoming the NIMBY syndrome},
  author={Dear, Michael},
  journal={Journal of the American planning association},
  volume={58},
  number={3},
  pages={288--300},
  year={1992},
  publisher={Taylor \& Francis}
  }
@article{einstein2019participates,
  title={Who participates in local government? Evidence from meeting minutes},
  author={Einstein, Katherine Levine and Palmer, Maxwell and Glick, David M},
  journal={Perspectives on politics},
  volume={17},
  number={1},
  pages={28--46},
  year={2019},
  publisher={Cambridge University Press}
  }
  
